<?xml version="1.0" encoding="UTF-8"?><collection xmlns="http://www.loc.gov/MARC21/slim"><record><leader>00679nam--2200205-u-4500</leader><controlfield tag="001">000054730</controlfield><controlfield tag="002">20161230</controlfield><controlfield tag="005">20170107005341</controlfield><controlfield tag="008">120528s1000------------r-----000-0-eng-d</controlfield><datafield ind1=" " ind2=" " tag="020"><subfield code="a">9630539934</subfield></datafield><datafield ind1=" " ind2=" " tag="040"><subfield code="a">IFIN-HH</subfield></datafield><datafield ind1=" " ind2=" " tag="080"><subfield code="a">539.12:539.14:539.17:543.42</subfield></datafield><datafield ind1="1" ind2=" " tag="100"><subfield code="a">Dombr©Łdi, Zs</subfield></datafield><datafield ind1="1" ind2="0" tag="245"><subfield code="a">In-beam nuclear spectroscopy</subfield><subfield code="b">Proceedings of the International Symposium on In-beam Nuclear Spectroscopy Debrecen, Hungary, May 14-18, 1984</subfield><subfield code="c">Zs. Dombradi, T. Fenyes (eds.)</subfield></datafield><datafield ind1=" " ind2=" " tag="260"><subfield code="a">Budapest</subfield><subfield code="b">Akad©♭miai Kiad©đ</subfield><subfield code="c">1984</subfield></datafield><datafield ind1=" " ind2=" " tag="300"><subfield code="a">2 volume</subfield></datafield><datafield ind1="1" ind2=" " tag="700"><subfield code="a">F©♭nyes, T</subfield><subfield code="e">Ed</subfield></datafield><datafield ind1="1" ind2=" " tag="787"><subfield code="a">Volume 2</subfield><subfield code="h">/395 p./820 p</subfield></datafield><datafield ind1=" " ind2=" " tag="852"><subfield code="a">72411</subfield><subfield code="c">539.163.2</subfield></datafield><datafield ind1=" " ind2=" " tag="CAT"><subfield code="a">SYS</subfield><subfield code="c">20170107</subfield><subfield code="h">005341</subfield></datafield></record></collection>